@TechReport{simmhan:iucstr:2005,
  author = {Yogesh L. Simmhan and Beth Plale and Dennis Gannon},
  title = {A Survey of Data Provenance Techniques},
  institution = {Computer Science Department, Indiana University},
  year = {2005},
  number = {TR-612},
  note = {Extended version of SIGMOD Record 2005},
  url = {http://www.cs.indiana.edu/pub/techreports/TR618.pdf}
}

@InProceedings{simmhan:escience:2009,
  author = {Yogesh Simmhan and Catharine van Ingen and Alex Szalay and Roger Barga and Jim Heasley},
  title = {Building Reliable Data Pipelines for Managing Community Data Using Scientific Workflows},
  booktitle = {IEEE International Conference on eScience (eScience)},
  year = {2009},
 pages={321-328}, 
  doi = {10.1109/e-Science.2009.52}
}

@InBook{simmhan:greenit:2011,
  author = {Yogesh Simmhan and Qunzhi Zhou and Viktor K. Prasanna},
  editor = {Jae Hoon Kim and Myung Jong Lee},
  title = {Green IT: Technologies and Applications},
  chapter = {Semantic Information Integration for Smart Grid Applications},
  publisher = {Springer Berlin Heidelberg},
  year = {2011},
  doi = {10.1007/978-3-642-22179-8_19},
  isbn = {978-3-642-22179-8}
}

@Article{simmhan:cise:2013, 
 author={Yogesh Simmhan and Saima Aman and Alok Kumbhare and Rongyang Liu and Samuel Stevens and Qunzhi Zhou and Viktor Prasanna}, 
 title={Cloud-Based Software Platform for Big Data Analytics in Smart Grids}, 
 journal={Computing in Science Engineering (CiSE)}, 
 year={2013}, 
 volume={15}, 
 number={4}, 
 pages={38--47}, 
 doi={10.1109/MCSE.2013.39}
}

@Misc{dreamlab:dreamlab:2014,
  OPTkey = 	 {},
  author = 	 {{Distributed Research on Emerging Applications \& Machines}},
  title = 	 {{DREAM:Lab Publications Repository}},
  howpublished = {\url{http://dream-lab.cds.iisc.in/publications/}},
  month = 	 {Aug},
  year = 	 {2014},
  OPTnote = 	 {},
  OPTannote = 	 {}
}


@INPROCEEDINGS{jamadagni:ccgrid:2016,
author={Nitin Jamadagni and Yogesh Simmhan},
booktitle={IEEE CCGRID},
title={GoDB: From Batch Processing to Distributed Querying over Property Graphs},
year={2016}
}

@article{aman:tkde:2015,
author = {Saima Aman and Yogesh Simmhan and Viktor K. Prasanna},
title = {Holistic Measures for Evaluating Prediction Models in Smart Grids},
journal = {IEEE TKDE},
year = {2015}
}